2203 3567
553 87 571 140 6

55 261 124 311 Beza
135 260 275 326 vulgatum,
292 273 371 323 quam
384 255 463 306 talem
476 252 521 329 qui
537 252 617 304 hodie
635 252 823 304 commendato
840 250 948 318 propius
961 250 1076 330 accedit.

56 354 90 404 Et
111 369 199 404 meum
219 351 327 419 quidem
352 349 473 402 codicem
498 364 561 415 prae
585 346 674 398 inultis
700 345 757 399 aliis
779 346 899 399 eiusdem
923 344 1013 398 classis
1034 345 1096 398 hic'

54 446 81 498 in
100 463 209 499 censum
226 445 321 509 venire,
335 454 476 512 postquam
496 440 691 494 accuratissime
710 459 772 494 eum
791 440 901 504 excussi,
914 439 1080 508 persuasissi-

55 541 234 593 mumhabeo.

109 636 190 686 Dono
202 642 341 701 acceptum
353 633 436 684 refero
449 631 505 683 viro
518 629 709 683 humanissimo
723 641 749 683 et
766 629 986 683 reverendissimo
1000 629 1080 683 Nice-

56 729 139 795 phoro
158 730 263 796 Glycae,
284 727 330 795 qui
348 727 412 779 olim
430 727 493 779 inde
513 728 547 779 ab
569 742 641 777 anno
663 727 729 776 1862
753 743 801 793 per
822 724 958 777 biennium
978 727 1032 778 fere
1052 723 1085 790 in·

57 832 145 874 nostra
168 822 312 890 Argentina
333 820 426 873 studiis
451 819 606 888 theologicis
626 836 734 886 operam
753 819 857 873 navavit
876 830 902 872 et
920 819 1082 873 lectionibus

57 917 122 969 meis
146 916 267 970 interfuit.
307 919 404 968 Postea
428 915 455 967 in
481 916 622 968 seminario
647 933 741 983 graeco
764 916 838 980 quod
862 914 890 966 in
910 914 1081 987 Propontidis

57 1009 142 1062 insula
162 1009 256 1063 Chalki
278 1010 352 1062 floret
377 1009 538 1077 theologiam
563 1009 661 1072 docuit,
683 1026 755 1060 nunc
778 1026 839 1061 vero
865 1007 893 1060 in
917 1008 1001 1075 patria
1016 1024 1079 1072 sua,

57 1103 85 1157 id
98 1113 137 1157 est
149 1103 176 1156 in
189 1105 274 1157 insula
286 1105 376 1157 lmbro
389 1121 471 1172 prope
486 1105 694 1170 Hellespontum
708 1102 764 1167 sita,
776 1101 943 1170 episcopatus
953 1102 1081 1171 dignitate

57 1210 163 1252 ornatus
176 1202 343 1267 eundemque
356 1200 413 1267 ipse
427 1217 523 1253 ornans
540 1200 676 1266 nostrique
693 1215 796 1252 mernor
808 1199 860 1251 hoc
877 1216 986 1251 munere
999 1199 1081 1251 misso

58 1292 122 1360 grati
147 1293 227 1345 animi
251 1293 352 1361 insigne
377 1295 567 1346 documentum
592 1292 683 1346 edidit.
721 1295 817 1360 Neque
842 1310 892 1360 ego
916 1293 1032 1346 vicissim
1058 1292 1083 1345 ei

59 1385 151 1439 melius
163 1388 258 1454 gratias
271 1405 347 1455 agere
359 1405 437 1455 posse
450 1387 560 1440 arbitror
577 1405 657 1455 quam
675 1387 696 1439 si
713 1386 819 1454 publice
837 1386 922 1439 doctis
940 1386 1082 1439 lectoribus

31 1511 39 1514 «
60 1490 85 1533 et
97 1499 193 1534 munus
205 1493 231 1535 et
244 1483 399 1535 donatorem
412 1483 640 1535 commendavero.

113 1576 224 1628 Constat
245 1577 330 1628 codex
348 1574 452 1643 triginta
470 1576 587 1643 quinque
605 1575 830 1643 quaternionibus,
850 1576 895 1643 qui
913 1574 942 1626 in
960 1574 1083 1627 inferiore

61 1669 184 1735 margine,
204 1679 230 1721 et
250 1669 357 1737 quidem
379 1679 434 1722 tam
452 1669 526 1722 initio
547 1687 627 1737 quam
646 1669 674 1721 in
694 1672 755 1733 fine,
773 1669 829 1738 ¹suis
848 1669 964 1723 numeris
983 1670 1082 1737 passim

61 1771 151 1813 tamen
167 1772 296 1815 vetustate
313 1761 405 1816 deletis
423 1762 539 1831 insigniti
559 1773 627 1816 sunt.
666 1763 708 1815 Sic
728 1763 796 1817 effici
813 1764 947 1817 debebant
967 1766 1083 1817 ducenta

63 1863 89 1906 et
99 1855 233 1922 octoginta
241 1855 304 1907 folia
313 1855 406 1923 quibus
416 1866 582 1909 accesserunt
592 1865 664 1908 extra
673 1874 810 1910 numerum
821 1867 933 1925 quatuor
944 1859 1083 1911 Matthaeo

63 1957 90 1999 et
103 1949 191 2001 Lucae
203 1951 314 2016 praefixa
327 1967 387 2000 curn
400 1950 534 2017 utriusque
546 1952 771 2018 anacephalaeosi.
810 1955 874 2005 Non
886 1962 977 2005 tamen
990 1972 1084 2006 omnes

62 2040 100 2092 illi
113 2042 294 2108 quaterniones
307 2042 400 2110 integri
412 2053 473 2096 sunt
480 2063 488 2109 3
506 2044 616 2097 secundi
628 2053 655 2097 et
667 2045 763 2098 decimi
776 2045 845 2098 tertii
857 2047 972 2114 primum
989 2048 1083 2101 folium

64 2145 153 2202 aperte
171 2136 323 2200 abscissum,
337 2147 363 2188 et
380 2137 487 2204 quidem
504 2140 538 2190 ab
555 2138 614 2206 ipso
631 2139 736 2193 librario
754 2141 818 2193 citra
834 2151 920 2194 textus
938 2143 1067 2195 damnum
1076 2164 1083 2210 ;

64 2229 216 2281 duodecimi
234 2230 350 2296 quinque
369 2240 471 2283 tanturn
489 2243 549 2285 sunt
565 2233 635 2296 folia,
648 2233 766 2301 vigesimi
784 2236 871 2288 octavi
888 2254 939 2289 seir
981 2238 1084 2305 Quibus

64 2322 200 2374 subductis
220 2332 370 2390 supererant
391 2339 440 2390 277
460 2325 523 2378 folia
541 2326 671 2394 integrum
696 2329 825 2394 codicem,
846 2332 952 2397 qualern
972 2331 1084 2399 scriptor

64 2417 217 2479 absolverat,
238 2416 433 2469 constituentia.
471 2422 548 2472 Haec
568 2421 658 2473 omnia
676 2423 757 2476 hodie
776 2442 884 2491 quoque
903 2426 1008 2491 adsunt,
1029 2444 1084 2479 uno

64 2496 166 2562 tantum
184 2520 301 2577 excepto,
322 2511 414 2564 ultimo
433 2512 532 2566 scilicet
550 2515 646 2568 decimi
665 2517 853 2583 quaternionis,
873 2537 989 2586 quocum
1008 2520 1086 2588 periit

62 2622 95 2657 ea
113 2613 200 2655 textus
221 2604 350 2671 particula
373 2623 441 2672 quae
465 2608 557 2675 legitur
583 2613 678 2664 Matth.
708 2616 749 2678 26,
775 2630 879 2681 27-39
906 2614 1086 2680 (ἔδωκεν...καὶ

62 2697 163 2769 λέγων).

117 2793 215 2844 Forma
234 2789 332 2843 codicis
353 2808 384 2843 ea
403 2802 441 2845 est
461 2812 540 2862 quarn
562 2798 642 2852 hodie
662 2800 853 2854 duodenariam
872 2814 976 2856 vocant.
1017 2804 1086 2858 Lite-

61 2897 149 2940 ratura
172 2883 274 2954 gracilis
300 2892 326 2936 et
354 2885 457 2953 elegans
482 2900 516 2955 et,
543 2891 620 2945 simul
649 2895 815 2963 compendiis
841 2895 991 2965 scripturae,
1017 2916 1086 2966 quae

60 2982 199 3035 innumera
228 2988 290 3031 sunt
316 2987 342 3029 et
366 2977 393 3029 in
417 2997 578 3052 unoquoque
602 2990 732 3041 vocabulo
758 2990 812 3043 fere
836 2991 912 3058 plura
936 3004 1085 3058 occurrunt,

59 3087 181 3131 assuetus
206 3074 292 3140 fueris
314 3075 376 3128 satis
395 3079 476 3132 facilis
501 3081 578 3133 lectu.
617 3084 682 3135 Sunt
701 3094 790 3138 tamen
808 3088 908 3139 multae
926 3087 1039 3156 paginae
1058 3088 1086 3140 in

59 3171 157 3241 quibus
176 3180 352 3223 atramentum
378 3187 439 3237 prae
463 3184 592 3227 vetustate
617 3178 686 3230 adeo
706 3180 799 3247 palluit
819 3190 855 3244 ut,
877 3180 899 3233 si
920 3180 1086 3243 imbecilliori

57 3268 196 3320 oculorum
208 3264 266 3317 acie
278 3264 415 3333 praeditus
427 3266 567 3320 lectionem
580 3271 746 3339 aggrediaris,
757 3276 823 3327 haec
835 3274 884 3327 tibi
897 3292 960 3327 sane
973 3277 1087 3328 multum
