2203 3567
499 69 536 118 22'

11 238 75 307 ἱερὸν
94 238 134 289 καὶ
151 239 201 291 πᾶς
218 235 232 288 ὁ
250 236 311 291 λαός
329 233 420 304 ἤρχετο
437 232 500 301 πρὸς
518 230 601 296 αύτόν,
621 230 662 283 καὶ
678 229 913 304 καθίσας-ἐδίδαξεν
934 228 1030 284 αὐτούς.

6 333 114 406 Ἄγονσι
127 332 182 404 (..)
194 330 257 399 πρδς
270 329 325 402 [τᾶν
336 328 448 401 Ἰησοῦν]
462 331 485 381 οἱ
497 336 536 401 γρ.
551 329 592 380 καὶ
605 330 628 381 οἱ
640 334 701 395 Φαρ.
720 331 825 400 γυναῖκα
838 326 921 398 (tall)
932 326 1032 396 μοιχείηι

9 426 212 495 κατειλημμένην,
223 425 263 477 καὶ
277 424 417 492 στήσαντες
429 421 505 489 αὐτὴν
518 426 544 475 ἐν
554 422 608 493 (τῷ)
621 424 691 493 μέσῳ
702 421 794 494 (εἷπον)
805 421 882 492 αὐτῷ·
895 421 1032 475 διδάσκαλε

8 521 109 590 (ταύτην
121 518 255 590 εύρομενῆ
269 520 305 571 ἐπ’
318 517 450 587 αύτοφόρῳ
461 517 693 589 (μοιχευομένην*).
731 517 796 572 ἐνδὲ
807 520 842 587 τῷ
853 516 921 586 νόμῳ
934 518 1033 581 Μωσῆς
1053 543 1057 545 -

7 615 159 686 (ἐνετείλατο
170 613 240 684 ἡμῖν)
253 611 298 668 τὰς
313 611 428 668 τοιαύτας
444 611 583 682 (λιθάζειν).
611 613 644 664 σὺ
657 609 700 663 οὖν
712 612 738 664 τί
749 612 832 683 λέγεις
845 611 914 681 (περὶ
926 609 1031 681 αὖτῆς);

8 713 82 762 τοῦτο
94 709 121 761 δὲ
133 710 220 781 ἔλεγον
232 707 389 775 πειράζοντες
401 706 477 760 αὐτὸν
490 706 529 759 ἵνα
543 708 619 776 ἔχωσι
632 705 795 777 (κατηγορίαν
808 704 894 776 roff)
907 704 993 758 αύτοΰ·
1008 704 1033 759 ,ὁ

9 803 35 856 δέ
46 803 144 870 Ἰησοῦς
159 802 223 855 κάτω
239 800 318 869 κύψας
336 804 372 871 τῷ
388 800 500 871 δακτύλῳ
519 801 628 873 ἔγραφεν
645 803 678 856 εἰς
696 800 743 868 την
759 802 807 872 γῆν
821 800 857 867 μὴ
875 798 1032 869 προσποιού-
1066 822 1070 837 -’

7 899 117 966 μενοςίῖι
148 896 179 952 ὦς
198 897 225 949 δὲ
244 897 363 964 ἐπέμενον
385 899 519 964 ἐρωτῶντες
538 894 613 949 αύτδν
632 894 760 964 ἀνακύψας
780 895 833 948 εἶπε
851 893 911 963 πρὸς
931 893 1031 949 αύτούς·

5 990 22 1046 ά
34 991 204 1060 ἀναμάρτητος
215 990 283 1058 ύμῶν
294 993 391 1058 πρῶτος
404 988 527 1062 [βαλέτω]
543 990 600 1061 (...)
618 989 692 1042 λίθον
704 989 742 1042 ἐπ’
755 988 860 1060 (αι’τήν).
901 989 941 1040 καὶ
953 988 1031 1041 πάλιν

8 1088 73 1138 κάτω
86 1084 165 1154 κύψας
177 1085 285 1156 ἔγραφεν
299 1087 333 1140 εἰς
344 1083 391 1151 τήν
402 1087 450 1155 γῆν
463 1083 529 1155 (emis
546 1083 654 1138 ἑκάστου
672 1083 754 1137 αύτῶν
769 1084 814 1138 τάς
829 1083 968 1155 άμαρτίας).
1008 1085 1032 1135 oi
1062 1092 1064 1096 ’

7 1179 35 1233 δὲ
42 1178 191 1234 ἀκούσαντες
200 1181 209 1249 (
215 1220 278 1231 ......
283 1178 292 1249 )
302 1178 434 1248 ἐξήρχοντο
443 1179 477 1235 εἷς
486 1178 589 1251 [luteis]
599 1177 732 1247 ἀρξάμενοι
739 1177 789 1232 άπὸ
795 1181 843 1231 τῶν
850 1169 1032 1247 πρεσβυτέρων

8 1272 51 1328 ἕως
69 1276 117 1325 τῶν
135 1272 256 1342 ἐσχάτων,
278 1272 318 1324 καὶ
337 1272 490 1339 κατελείφθη
510 1271 621 1343 (Ἰησοῦς
638 1271 724 1344 μόνος)
745 1272 786 1324 καὶ
803 1271 821 1339 ἦ
838 1270 901 1344 γονὴ
920 1273 1030 1341 ἐνμέσῳ

9 1365 125 1437 (oluff).
140 1366 265 1435 ἀνακύψας
282 1365 308 1419 δὲ
323 1366 337 1417 ὁ
351 1366 451 1433 Ἰησοῦς
470 1365 545 1437 (εἶδεν
563 1365 639 1433 αὐτην
658 1366 699 1417 καὶ
718 1365 781 1418 εἶπε·
798 1365 880 1437 γύναι)
898 1367 948 1418 ποῦ
967 1366 1031 1418 εἰσὶν

9 1462 65 1531 (...)
81 1462 104 1512 οἱ
119 1460 253 1530 κατήγοροί
267 1483 321 1513 σου.
355 1459 434 1516 οὐδείς
450 1483 482 1512 σε
501 1461 657 1530 κατέκρινεν;
679 1460 695 1527 ἦ
714 1459 742 1512 δὲ
761 1459 839 1512 εἶπεν·
859 1460 938 1514 οὐδεὶς
956 1459 1030 1527 κύριε.

9 1554 62 1607 εἴτε
81 1556 107 1607 δὲ
124 1555 187 1623 αὐτῇ
205 1555 218 1606 ὁ
236 1554 347 1620 Ἰησοῦς·
367 1554 422 1607 οὐδὲ
441 1553 490 1626 ε’γιύ
508 1577 541 1607 σε
559 1556 703 1623 κατακρίνω,
724 1554 830 1623 πορεύου
850 1555 890 1607 καὶ
908 1554 970 1626 (α’πδ
986 1556 1032 1607 τοῦ

9 1649 84 1719 wlff)
97 1650 185 1716 μηκέτι
197 1647 327 1717 ἁμάρτανε.

63 1832 174 1881 Manum
192 1829 345 1882 correctoris
362 1829 492 1882 rarissime
505 1829 585 1882 sensit
603 1831 689 1883 codex
701 1839 805 1882 noster:
827 1830 922 1881 Matth.
940 1847 980 1893 12,
995 1846 1030 1893 44

10 1924 129 1978 librarius
155 1923 293 1991 scripserat
326 1922 412 1988 ἐλθών,
438 1934 570 1977 corrector
600 1925 679 1977 rubro
710 1924 830 1976 omicron
855 1925 1031 1991 superposuit.

8 2019 132 2085 Caps14,
147 2020 162 2068 6
176 2034 234 2068 voc.
254 2016 295 2067 καὶ
311 2017 413 2069 erasum
429 2027 469 2069 est
487 2016 577 2070 nescio
594 2034 647 2083 qua
665 2018 700 2070 de
713 2035 799 2070 causa.
838 2020 921 2070 Marc.
939 2037 978 2085 13,
997 2037 1029 2085 32

10 2113 98 2165 codex
123 2110 229 2163 exhibet
255 2110 296 2161 καὶ
321 2108 400 2178 alpos:
428 2110 632 2179 superscriptum
657 2120 697 2163 est
721 2108 737 2176 ἢ
761 2113 811 2177 τῆς.
858 2113 923 2163 Luc.
952 2130 992 2174 12,
1016 2131 1029 2162 2

8 2204 228 2277 συγκεκαλυμένον
245 2206 415 2257 emendatum
432 2215 472 2257 est
488 2205 579 2257 addito
596 2206 679 2257 altero
696 2227 716 2270 μ
735 2222 812 2272 supra
829 2205 927 2258 lineam
943 2207 1028 2258 rubro

9 2302 75 2352 Luc.
92 2317 131 2366 19,
149 2317 179 2349 12
198 2315 282 2365 quum
299 2299 397 2366 pagina
414 2297 533 2350 desiisset
553 2298 581 2349 in
596 2297 787 2365 ἀναφαίνεσθαι,
806 2317 921 2367 sequens
938 2299 1031 2368 incipit

2 2391 150 2459 Ἄνθρωπός
168 2412 220 2445 τις;
246 2408 337 2458 margo
355 2393 460 2458 supplet
479 2389 532 2443 εἶπε
552 2391 599 2458 τήν
618 2391 771 2459 παραβολὴν
789 2392 887 2459 ταύτην.
925 2395 968 2461 Jo.
990 2411 1030 2457 ΙΙ,

7 2503 41 2554 47
69 2504 148 2554 supra
169 2502 228 2537 voc.
249 2483 378 2550 συνέδριον
397 2486 475 2537 rubro
501 2484 627 2553 scriptum
651 2486 746 2553 legitur
776 2485 840 2539 κατὰ
862 2489 907 2539 τοῦ
930 2486 1031 2554 Ἰησοῦε

6 2590 34 2635 et
46 2580 146 2632 ibidem
159 2577 277 2630 librarius
290 2577 433 2629 oscitanter
445 2577 549 2645 scripsit
567 2577 596 2629 οὐ
612 2577 626 2629 0‘
639 2577 774 2647 ἅνθρωπος,
787 2581 861 2648 quod
874 2579 925 2633 alia
936 2598 1032 2634 manus

5 2672 184 2742 superscripto
197 2693 239 2725 τος
252 2669 373 2723 correxit.
423 2670 547 2739 Denique
559 2673 600 2738 Jo.
615 2674 640 2737 8,
656 2692 686 2724 22
703 2683 789 2726 totum
801 2692 906 2727 versum
917 2674 946 2726 in
958 2685 1032 2728 textu

5 2768 134 2823 omissum
147 2782 238 2833 margo
251 2764 391 2833 supplevit.

60 2860 121 2912 Alia
133 2869 218 2912 errata
229 2858 330 2910 intacta
346 2866 506 2909 manserunt.
544 2859 745 2926 Nonnunquam
762 2858 882 2912 librarius
895 2860 935 2913 bis
949 2860 1032 2929 pinxit

4 2973 100 3010 vocem
119 2954 174 3007 sive
192 2954 320 3021 syllabam
338 2950 473 3019 aliquam:
493 2952 589 3003 Matth.
610 2970 631 3013 1,
650 2950 763 3014 8Ὀζίος
780 2952 807 3004 δὲ
823 2952 971 3008 δὲ-Ματο.
992 2974 1032 3020 14,

6 3069 41 3115 40
64 3047 363 3101 κακαθεύδοντας-Ικιε.
389 3064 429 3112 13,
453 3059 485 3109 27
504 3046 549 3110 τῆς
567 3047 612 3112 τῆς
630 3044 803 3115 α’δικίας-Ῑο.
825 3063 848 3114 7,
870 3067 900 3099 12
926 3047 957 3116 ἦν
976 3050 1034 3117 περὶ

4 3147 81 3198 αὐτοῦ
93 3142 203 3211 ἦν-Ια
218 3162 242 3212 9,
259 3157 289 3210 15
304 3142 346 3193 καὶ
358 3138 433 3192 αὐτὸν
450 3136 506 3193 aul:
526 3138 621 3205 quibus
639 3139 765 3208 adiunges
782 3141 817 3194 sis
831 3143 927 3195 Matth.
943 3161 984 3211 13,
1000 3161 1031 3196 21

5 3239 47 3291 καὶ
59 3237 104 3292 οὐκ
117 3238 168 3306 έχει
180 3236 214 3289 δὲ.
