2203 3567
570 86 590 143 9

122 232 150 285 Si
172 232 206 286 de
232 243 319 286 aetate
344 234 444 287 codicis
470 236 628 303 quaesiveris
650 237 774 304 equidem
795 256 850 292 non
869 239 936 293 adeo
957 252 1089 293 recentem

68 325 242 380 aestimavero
256 338 282 381 et
295 345 464 395 nequaquam
478 332 584 383 saeculo
597 347 650 383 x111
664 331 800 406 iuniorem.
834 334 953 387 Proxime
966 334 1090 402 scriptura

67 420 172 473 accedit
187 422 223 474 ad
244 439 305 474 eum
324 432 417 490 typum
435 440 515 489 quem
532 425 639 476 exhibet
656 426 742 477 codex
761 427 941 493 Chrysostomi
957 426 1030 479 cuius
1048 444 1091 479 ex-

68 518 187 584 emplum
205 518 416 585 photographice
435 518 549 570 describi
569 529 691 571 curarunt
710 521 768 571 VV.
791 521 852 572 DD.
873 522 1046 574 Wattenbach
1064 531 1091 574 et

56 630 92 679 v.
108 613 208 665 Velsen
224 613 252 665 in
268 631 348 681 opere
366 631 414 665 suo
432 631 456 664 a.
478 616 545 679 1878
564 612 760 681 Heidelbergae
776 614 856 667 edito.
896 617 955 667 Imo
971 617 1013 668 vel
1031 613 1090 667 cum

68 705 259 774 antiquioribus
272 707 373 761 ibidem
386 706 508 761 exhibitis
522 707 648 775 exemplis
662 707 774 760 conferri
785 725 864 776 posse
876 708 985 762 videtur.

124 802 206 867 Quod
219 801 282 854 olim
301 802 422 856 codicem
440 802 538 854 cursim
551 804 695 870 perlegenti
708 804 795 854 statim
810 820 838 855 se
854 802 947 855 obtulit
963 821 1024 870 prae
1036 821 1092 856 cae-

68 895 130 947 teris
147 898 304 960 notandum,
318 897 362 948 hic
376 914 483 964 quoque
496 896 663 964 potissimum
676 896 724 948 tibi
736 914 884 964 proponere
896 897 973 949 libet:
994 896 1091 949 scilicet

69 987 213 1040 innumeris
235 989 263 1047 in
282 990 348 1041 locis
374 1000 475 1042 textum
501 1008 562 1041 cum
588 1007 620 1041 eo
645 991 730 1042 facere
755 1008 836 1056 quem
861 990 986 1056 expressit
1010 990 1090 1042 editio

70 1082 279 1148 Complutensis‚
302 1083 340 1135 ita
365 1082 473 1150 quidem
498 1093 527 1135 ut
547 1082 661 1135 maxime
681 1083 761 1134 etiam
785 1082 817 1134 iis
838 1082 994 1135 lectionibus
1016 1100 1091 1134 suum

70 1177 256 1244 qualecunque
281 1177 463 1230 testimonium
487 1179 568 1230 addat
591 1194 656 1243 quas
676 1175 834 1229 recentiores
854 1175 935 1228 critici
956 1176 1093 1229 vetustissi-

68 1286 174 1321 morum
187 1271 310 1322 codicum
323 1270 490 1323 autoritatem
504 1271 609 1337 sequuti
622 1280 648 1322 et
660 1279 816 1336 receperunt
828 1279 854 1323 et
867 1271 1089 1322 commendarunt.

70 1367 150 1416 Haec
170 1363 234 1415 mihi
256 1363 358 1416 consilii
378 1382 458 1416 causa
476 1365 525 1416 fuit
543 1381 590 1415 cur
608 1363 803 1416 accuratissime
822 1363 936 1416 excussis
955 1363 995 1414 his
1013 1381 1092 1415 mem-

69 1459 158 1512 branis
177 1476 246 1526 quae
271 1458 416 1511 collatione
440 1458 560 1510 instituta
579 1458 607 1509 in
629 1459 740 1510 schedas
762 1475 834 1510 meas
854 1458 991 1509 retuleram
1014 1459 1091 1509 etiam

70 1572 131 1605 curn
151 1552 211 1605 viris
232 1554 324 1617 doctis,
340 1570 452 1619 quorum
470 1552 533 1604 talia
551 1551 678 1605 interesse
696 1562 815 1620 possunt,
829 1550 1021 1603 communicare
1038 1567 1090 1601 non

69 1650 117 1700 abs
138 1666 167 1700 re
186 1648 311 1712 duxerim,
334 1646 486 1714 praesertim
505 1664 588 1714 quum
605 1646 761 1714 insigniores
779 1655 884 1698 nostrae
902 1645 992 1697 aetatis
1011 1643 1092 1695 critici

70 1741 207 1794 codicibus
230 1740 384 1793 minusculis
403 1743 458 1793 fere
478 1740 605 1808 neglectis
626 1741 661 1792 ad
682 1756 828 1808 paucorum
852 1737 993 1790 uncialium
1012 1737 1091 1788 fidem

70 1845 171 1888 textum
195 1853 333 1888 recensere
358 1834 549 1887 consueverint.
588 1837 680 1888 Altera
704 1853 736 1888 ex
760 1844 833 1903 parte
857 1833 899 1886 hic
924 1850 1029 1900 quoqne
1053 1840 1092 1884 tot

45 1915 47 1918 ¹
71 1940 98 1982 et
117 1939 172 1981 tam
190 1928 275 1982 varias
292 1928 456 1996 deprehendi
472 1929 610 1991 variantes,
623 1930 666 1980 vel
682 1930 762 1996 plane
778 1928 926 1995 singulares,
939 1928 981 1978 vel
999 1926 1090 1977 saltem

70 2022 201 2075 rarissime
220 2022 283 2074 alibi
302 2017 477 2085 occurrentes,
491 2032 521 2073 ut
540 2038 573 2073 ex
589 2020 627 2085 iis,
642 2039 723 2087 quam
741 2021 823 2072 libere
840 2029 865 2071 et
883 2029 980 2070 temere
996 2015 1091 2068 librarii

71 2116 159 2169 officio
185 2133 233 2168 suo
258 2116 301 2167 vel
325 2114 466 2167 serioribus
491 2115 602 2166 saeculis
626 2113 710 2165 functi
734 2112 793 2175 sint,
816 2111 938 2178 exemplis
963 2107 1045 2161 allatis
1070 2107 1092 2159 si

71 2210 289 2272 demonstrarem,
304 2226 412 2275 operam
426 2218 452 2261 et
465 2210 555 2260 oleum
567 2208 714 2275 perdidisse
727 2225 781 2260 non
794 2205 914 2274 putarim.

126 2305 185 2355 lam
198 2305 233 2356 ad
246 2303 331 2371 ipsam
344 2302 490 2355 lectionum
499 2303 682 2356 recensionem
695 2319 738 2354 me
751 2311 883 2354 converto.
916 2300 1090 2353 Collationem

70 2398 173 2451 institui
191 2401 227 2451 ad
247 2399 392 2451 editionem
413 2398 606 2450 Elzevirianam
623 2398 735 2465 primam
753 2396 816 2448 anni
835 2398 902 2458 1624
920 2410 987 2460 quae
1005 2393 1090 2458 vulg0‚

71 2493 119 2545 sed
143 2491 284 2556 immerito
304 2492 401 2545 talibus
424 2491 517 2555 studiis
537 2490 661 2543 inservire
683 2491 757 2553 solet,
778 2487 894 2554 mihique
915 2489 991 2551 hanc
1006 2486 1090 2550 legem

71 2586 164 2654 scripsi
180 2596 210 2638 ut
223 2588 325 2638 nullum
342 2589 431 2639 locum
449 2585 685 2654 praetermitterem
702 2583 730 2634 in
747 2599 800 2649 quo
818 2581 860 2633 vel
877 2597 909 2632 ex
925 2595 997 2630 mero
1016 2578 1090 2643 lapsu

70 2680 167 2732 calami
179 2680 265 2732 codex
281 2698 356 2733 meus
373 2682 408 2732 ab
421 2680 466 2731 illa
483 2680 650 2745 discreparet,
664 2693 750 2742 neque
768 2676 850 2726 ullum
862 2682 980 2725 notarem
993 2670 1020 2722 in
1037 2686 1090 2736 quo

71 2793 134 2827 cum
148 2761 244 2828 eodem
258 2774 425 2827 consentiret.

126 2868 244 2921 Primum
262 2868 356 2921 seriem
375 2866 501 2921 constitui
517 2868 636 2919 locorum
652 2865 680 2916 in
697 2861 791 2931 quibus
808 2861 893 2913 codex
912 2875 970 2910 eam
987 2856 1091 2909 exhibet

70 2961 216 3016 lectionem
229 2980 310 3030 quam
327 2965 391 3015 olim
408 2963 464 3014 sola
480 2960 610 3029 probabat
627 2953 820 3023 Complutensis
836 2951 924 3013 editio,
938 2949 1017 3002 hodie
1029 2965 1091 3000 vero

71 3058 107 3110 ad
128 3057 301 3110 vetustiorum
319 3056 427 3110 testium
450 3057 532 3108 fidem
557 3051 741 3107 Griesbachius
765 3048 949 3099 Lachmannus
968 3043 1092 3095 Tischen-

72 3152 172 3204 dorfius
187 3151 363 3219 Tregellesius
380 3149 550 3202 Westcottius
567 3164 628 3198 cum
643 3144 715 3197 socio
732 3148 892 3208 receperunt.
932 3136 987 3189 Ubi
1003 3146 1093 3188 tamen

70 3244 259 3299 Griesbachius
272 3246 406 3313 vulgarem
419 3254 507 3296 tuetur
518 3239 668 3294 asteriscum
682 3234 798 3303 apposui.

1005 3354 1019 3386 2
