2203 3567
561 71 578 124 7

55 210 155 280 negotii
174 212 304 264 facessere
323 212 426 264 debeat.
467 214 640 268 Membranae
659 225 688 268 ut
706 217 846 284 plurimum
864 220 954 274 firmae
973 232 999 274 et
1017 222 1079 276 satis

6 340 7 343 =
54 322 159 358 crassae
176 322 235 357 raro
252 304 391 372 pristinam
408 306 560 360 albedinem
577 319 719 361 servarunt.
758 310 855 363 Utrum
871 329 938 366 unus
955 312 1080 380 idemque

54 397 173 451 librarius
194 407 281 451 totum
301 397 422 451 codicem
441 400 590 465 exaraverit,
610 419 645 453 an
666 402 760 469 plures,
784 405 877 455 saltem
897 405 958 468 du0,
980 407 1079 459 labora-

54 493 138 546 verint
166 493 194 544 in
224 510 257 546 eo
283 492 467 558 describendo
494 494 618 562 equidem
643 507 715 549 certo
741 496 884 551 diiudicare
907 516 962 552 non
986 500 1076 553 ausim.

19 575 24 581 ⁶
54 586 206 640 Discrimen
224 586 332 654 aliquod
348 604 436 654 neque
452 587 480 639 in
498 590 583 641 forma
600 590 732 642 literarum
750 603 796 645 aut
815 604 979 659 accentuum,
992 612 1079 662 neque

54 682 82 733 in
107 682 329 749 compendiorum
354 699 464 735 numero
489 692 535 735 aut
557 693 650 735 natura
668 695 793 752 apparet3
819 703 908 739 versus
925 686 954 739 iu
972 687 1079 757 singulis

54 776 156 846 paginis
178 776 354 829 duodeviceni
373 786 435 829 sunt
453 794 501 845 per
518 786 604 831 totum
623 778 750 832 codicem.
789 781 841 833 Sed
859 781 931 834 aliud
950 793 989 835 est
1007 785 1079 851 quod

54 872 103 926 tibi
123 870 236 926 dubium
258 888 365 923 movere
387 881 484 938 posset.
525 871 614 933 initio,
634 883 661 925 et
682 875 736 927 fere
757 891 841 941 usque
862 877 896 927 ad
916 876 1078 944 evangelium

9 1002 12 1007 ,
56 966 141 1019 Marci
168 964 294 1028 medium,
321 964 411 1018 literae
441 965 503 1017 satis
532 968 643 1035 grandes
673 966 799 1036 deinceps
827 967 924 1021 sensim
951 970 1078 1022 minorem

54 1062 194 1114 modulum
213 1062 345 1124 affectant,
358 1060 412 1112 imo
430 1060 578 1125 minimum,
592 1062 660 1114 adeo
679 1072 708 1114 ut
725 1062 824 1129 passim
840 1080 895 1114 non
911 1062 961 1115 nisi
978 1081 1080 1116 summa

55 1176 116 1210 cum
131 1134 324 1210 difficultatem
341 1157 456 1210 lectione
473 1157 602 1224 proficias.
642 1159 773 1226 Exemplo
791 1157 824 1211 sit
842 1158 937 1225 pagina
952 1159 996 1211 illa
1012 1176 1079 1226 quae

55 1251 239 1320 complectitur
252 1253 348 1304 Matth.
364 1267 388 1319 5,
403 1270 437 1319 43
455 1249 493 1303 ὅτι
510 1252 597 1319 ε’ρῤέθη
609 1269 694 1320 usque
710 1254 781 1305 adv.
800 1254 834 1317 48
852 1253 941 1305 ἔσεσθε
953 1252 995 1304 οὖν
1011 1251 1079 1320 ὔμεῖς

54 1346 112 1416 (qui
124 1355 211 1398 textus
228 1345 256 1396 in
274 1345 391 1398 editione
409 1345 574 1398 Elzeviriana
590 1364 613 1398 a.
635 1349 703 1410 1624
720 1347 864 1399 absolvitur
882 1346 1079 1414 quatuordecim

55 1441 172 1493 versibus
198 1457 260 1492 cum
286 1439 409 1504 dimidio)
430 1441 526 1493 collata
551 1458 612 1493 cum
637 1443 718 1493 altera
736 1441 821 1493 Marci
841 1444 864 1506 8,
883 1457 915 1509 35
935 1440 963 1496 ὃς
979 1440 1028 1510 γάρ
1049 1440 1080 1493 dv

55 1537 90 1588 ad
109 1555 133 1602 9,
149 1553 162 1586 2
184 1534 373 1601 μετεμορφώθη,
387 1534 430 1587 cui
448 1536 612 1602 respondent
628 1535 720 1603 viginti
736 1552 825 1587 versus
844 1534 1005 1588 Elzeviriani.
1044 1538 1079 1588 Et

53 1630 148 1682 eadem
166 1628 268 1681 ratione
286 1646 370 1695 usque
390 1629 424 1681 ad
443 1630 531 1681 finem.
569 1630 666 1696 Joann.
689 1645 729 1693 11,
749 1641 781 1695 47
803 1627 841 1680 ὅτι
860 1626 929 1683 οὗτος
946 1631 981 1681 ad
999 1648 1022 1681 v.
1044 1645 1077 1696 54

54 1723 130 1776 αὐτοῦ
149 1741 228 1775 unam
248 1722 373 1791 paginam
398 1722 510 1791 implent
531 1723 563 1799 Ain
587 1722 717 1791 impresso
742 1722 883 1791 exemplari
907 1723 985 1776 etiam
1009 1725 1078 1776 locu-

52 1818 199 1886 pletiorem.

108 1913 190 1978 Quod
208 1912 244 1963 ad
261 1910 423 1963 literaturam
443 1912 537 1963 attinet
555 1911 608 1963 hoc
627 1928 733 1979 quoque
751 1920 842 1964 notare
860 1911 932 1975 libet,
947 1912 1003 1965 iota
1020 1914 1078 1966 sub·

54 2006 180 2073 scriptum
199 2006 241 2059 vel
262 2004 424 2072 adscriptum
444 2023 575 2072 nusquam
601 2023 735 2073 apparere,
756 2015 880 2059 accentus
899 2023 961 2058 vero
980 2006 1077 2073 ubique

53 2104 176 2148 accurate
201 2093 322 2146 adscribi.
361 2093 473 2161 Spiritus
499 2097 610 2161 uterque
631 2093 726 2161 triplici
749 2095 834 2147 forma
858 2094 1007 2162 promiscue
1032 2096 1077 2147 ad·

53 2189 165 2252 hibetur,
187 2187 288 2241 scilicet
311 2198 415 2255 praeter
433 2205 492 2241 eam
512 2205 564 2255 qua
588 2187 669 2240 hodie
694 2188 721 2239 in
739 2186 811 2240 libris
832 2187 964 2255 impressis
982 2190 1078 2241 utimur

54 2284 156 2337 duabus
173 2284 230 2335 aliis
248 2282 278 2353 (a
294 2318 305 2339 L
340 2300 350 2333 a
367 2283 396 2351 v).
436 2282 525 2350 Sigma
541 2283 620 2335 finale
639 2283 734 2335 eadem
751 2283 836 2335 forma
850 2282 922 2334 venit
939 2299 991 2349 qua
1008 2282 1076 2334 etin

53 2376 139 2445 capite
156 2377 229 2430 vocis
249 2386 275 2429 et
293 2376 322 2428 in
340 2377 440 2429 medio.
479 2377 513 2427 ln
531 2378 584 2429 fine
602 2393 724 2428 versuum
736 2377 866 2429 vocabula
882 2385 1040 2440 truncantur,
1055 2376 1076 2429 si

54 2471 168 2539 spatium
180 2473 259 2539 plene
272 2470 451 2524 exscribendis
465 2488 520 2523 non
533 2471 633 2523 sufficit.

107 2569 261 2634 Antequam
280 2566 314 2618 ad
332 2565 419 2634 ipsum
444 2575 547 2618 textum
566 2564 757 2632 explorandum
775 2563 932 2615 accedamus
950 2563 1077 2615 nonnulla

52 2662 132 2713 etiam
162 2661 276 2713 dicenda
301 2670 364 2713 sunt
388 2661 422 2713 de
447 2660 607 2727 quibusdam
631 2658 818 2711 additamentis
842 2658 930 2726 qualia
953 2658 981 2710 in
1005 2660 1076 2712 libris

52 2774 134 2809 manu
153 2756 256 2825 scriptis
275 2756 354 2824 vulgo
371 2755 442 2808 varia
460 2756 638 2807 observantur.
677 2753 894 2821 Unumquodque
913 2752 1075 2820 evangelium

52 2849 80 2902 in
96 2852 182 2903 fronte
196 2859 304 2902 ornatur
315 2849 419 2918 pictura
436 2849 530 2916 aliqua,
545 2848 573 2900 id
586 2858 626 2901 est
643 2848 758 2900 flosculis
775 2848 894 2899 caeruleo
910 2846 1075 2913 potissimum

52 2945 141 2998 colore
170 2944 300 3013 insignitis
326 2954 353 2997 et
378 2945 506 3012 quadrata
534 2942 652 3010 margine
677 2940 886 3008 circumscriptis,
912 2940 939 2991 in
964 2957 1074 3007 quorum

51 3040 142 3094 medio
155 3040 246 3093 titulus
258 3039 318 3094 libri
331 3042 442 3106 effertur,
452 3038 591 3093 videlicet:
612 3054 631 3093 ÷
640 3041 672 3096 td
687 3040 752 3095 nard
765 3035 893 3093 natenius
913 3038 952 3100 tr.
967 3036 1074 3101 eins.-

52 3136 118 3197 †rd
139 3136 205 3191 nurci
224 3138 331 3211 nipuou
352 3136 391 3201 ts.
413 3135 597 3200 stau-sul
618 3134 684 3188 nuru*
707 3134 806 3194 torridu
831 3130 869 3191 ts.
892 3128 1073 3192 eius.—÷rd

54 3238 119 3294 nurci
132 3236 258 3294 imiuuun
273 3239 311 3302 ris.
327 3238 396 3302 er’ar.
