2203 3567
531 90 546 143 8

83 265 107 314 Τ
109 262 177 315 extui
200 262 359 328 singulorum
385 257 578 325 evangeliorum
604 257 779 325 praemittitur
803 256 959 323 breviarium
978 262 1054 323 κεφα-

31 355 107 407 λαίων
126 373 193 424 quae
212 356 276 408 olim
298 372 346 407 usu
364 353 507 405 veniebant
527 361 553 404 et
571 352 598 403 in
618 352 708 404 multis
727 351 864 405 codicibus
883 361 1054 405 recensentur

30 451 72 519 (cf.
89 449 233 502 Historiam
251 451 284 501 N.
299 451 330 501 T.
345 465 360 499 a
373 466 415 500 me
428 446 526 499 editam
543 448 555 513 ἓ
572 445 645 514 386).
686 447 819 498 Tabulam
836 429 928 498 eorum
946 445 1053 498 exhibet

28 546 96 598 inter
115 543 178 597 alias
203 542 283 596 editio
309 542 392 594 maior
417 543 487 594 Rob.
510 539 639 608 Stephani
664 557 693 609 15
699 556 739 609 50.
778 538 897 609 Scriptae
918 550 980 593 sunt
1000 540 1052 592 hae

29 638 146 690 rubricae
158 637 237 690 literis
251 635 388 690 deauratis.
427 636 530 688 Passim
542 635 570 687 in
583 635 624 687 his
642 645 782 687 occurrunt
798 634 862 687 vitia
873 634 970 687 librarii
983 651 1052 702 quae

30 742 120 784 notare
143 731 208 782 nihil
233 730 333 783 attinet.
381 732 474 783 Unum
499 739 603 781 tanturn
628 727 833 795 significabimus
858 728 886 780 in
912 729 1052 781 Matthaeo

29 823 207 891 conspicuum.
246 825 290 875 Ad
307 822 535 891 quadragesimam
552 821 695 889 pericopen
712 820 759 891 (μ’)
776 821 896 874 librarius
912 820 1053 889 adscripsit

29 918 132 969 titulum
155 917 296 984 sequentis,
317 916 416 969 omisso
439 916 539 968 scilicet
561 916 677 983 proprio,
698 925 724 968 et
746 915 784 967 sic
803 916 930 982 deinceps
950 915 1053 968 numeri

29 1012 161 1062 titulorum
180 1010 261 1062 titulis
275 1028 330 1062 non
343 1012 513 1077 respondent,
528 1026 612 1075 usque
626 1010 660 1060 ad
674 1007 923 1077 quinquagesimum
936 1008 1052 1076 primum

27 1103 72 1155 ubi
84 1121 159 1157 verus
172 1106 237 1157 ordo
250 1103 392 1156 restituitur
405 1103 503 1155 omisso
516 1120 627 1154 numero
641 1101 861 1170 quinquagesimo
874 1102 926 1171 (ν’).

82 1199 199 1251 Eaedem
211 1200 337 1259 rubricae,
351 1215 406 1250 non
419 1207 507 1250 tamen
521 1203 614 1250 omnes
628 1207 654 1249 et
667 1197 792 1264 singulae,
802 1197 898 1250 iterum
911 1197 1052 1266 inscriptae

29 1302 88 1344 sunt
100 1291 209 1359 margini
222 1291 348 1358 superiori
357 1293 399 1343 vel
408 1291 524 1343 inferiori
533 1300 619 1343 textus
632 1290 719 1358 ipsius.
760 1291 860 1344 Iisdem
869 1291 934 1345 locis
948 1300 1052 1345 exstant

28 1405 135 1455 quoque
154 1398 233 1440 notae
258 1387 318 1440 illae
343 1387 440 1454 quibus
464 1387 593 1440 lectiones
619 1387 812 1440 ecclesiasticae
836 1390 909 1456 apud
934 1390 1051 1442 Graecos

30 1480 138 1534 usitatae
167 1481 368 1548 distinguuntur.
407 1483 481 1546 Quas
506 1499 588 1549 quum
614 1481 716 1533 dudum
742 1482 802 1533 Chr.
832 1483 860 1533 F.
888 1481 1051 1534 Matthaeius

29 1593 91 1629 suae
103 1575 212 1629 editioni
225 1587 346 1628 accurate
363 1574 506 1643 descriptas
523 1575 667 1640 inseruerit,
682 1576 744 1628 satis
762 1578 889 1629 habemus
908 1595 952 1629 eas
966 1575 1052 1631 obiter

28 1686 255 1722 commemorasse.
294 1669 411 1736 Scriptae
433 1680 494 1722 sunt
513 1671 668 1737 plerumque
687 1670 724 1722 ita
748 1676 785 1737 ut,
807 1669 857 1723 nisi
877 1671 943 1739 quid
961 1671 998 1724 rei
1017 1672 1051 1724 sit

28 1764 133 1816 aliunde
158 1764 318 1832 cognoveris,
341 1782 373 1816 ex
397 1764 557 1817 brevissimis
582 1763 747 1831 compendiis
773 1764 916 1832 scripturae
941 1782 1049 1818 sensum

28 1857 120 1911 elicere
139 1857 321 1910 difficillimum
342 1860 416 1912 foret.
455 1861 543 1911 Voces
564 1857 628 1927 ἀρχὴ
654 1868 680 1912 et
705 1859 784 1923 τέλος,
807 1859 902 1926 quibus
927 1860 993 1914 aliae
1016 1864 1050 1913 ab

28 1950 85 2002 aliis
107 1952 219 2017 separari
239 1954 333 2015 solent,
352 1952 380 2003 in
399 1953 457 2020 ipso
476 1962 549 2005 textu
568 1963 716 2018 occurrunt,
736 1954 867 2006 rarissime
885 1954 913 2006 in
932 1955 1051 2024 margine

28 2044 145 2098 interiori
162 2048 204 2098 vel
223 2045 351 2109 exteriori,
372 2064 426 2113 quo
450 2047 549 2113 passim
568 2048 618 2115 ipsi
639 2050 783 2101 lectionum
806 2049 874 2102 tituli
893 2053 1048 2119 relegantur.

28 2140 134 2191 Ibidem
146 2138 260 2206 denique
278 2139 408 2193 sectiones
426 2140 746 2195 Ammonio-Eusebianae
762 2143 815 2195 suis
832 2143 897 2196 locis
917 2144 1049 2198 indicatae

28 2243 96 2296 sunt,
110 2233 214 2284 tabulae
230 2250 292 2284 vero
310 2233 528 2286 concordantium
545 2253 600 2287 non
617 2237 720 2288 adsunt.
755 2236 849 2305 'Atque
866 2239 932 2290 haec
950 2238 1050 2291 addita-

27 2335 117 2377 menta
129 2324 219 2377 omnia
231 2325 294 2377 olim
308 2343 387 2379 aureo
400 2328 487 2380 colore
500 2327 623 2396 insignita
635 2332 745 2395 fuerunt,
760 2331 806 2399 qui
819 2331 872 2383 iam
885 2333 939 2385 fere
950 2332 1050 2400 ubique

27 2418 140 2471 evanuit.

82 2513 222 2565 Caeterum
247 2511 290 2564 vix
315 2516 445 2581 estquod
469 2533 624 2569 moneamus
643 2527 743 2571 textum
766 2537 813 2587 per
837 2523 1050 2588 unumquodque

27 2604 191 2673 evangelium
210 2623 264 2657 uno
283 2616 374 2660 tenore
392 2608 516 2676 scriptum
537 2628 601 2675 esse,
621 2611 658 2663 ita
677 2622 707 2665 ut
725 2612 753 2664 in
773 2613 804 2666 iis
824 2615 889 2667 locis
912 2614 958 2667 ubi
980 2631 1050 2667 nova

24 2701 113 2767 aliqua
126 2699 207 2752 sectio
220 2700 247 2751 in
260 2701 348 2754 medio
360 2720 436 2755 versu
449 2704 592 2772 incipiebat
605 2705 679 2760 litera
691 2708 843 2773 maiuscula,
858 2727 928 2777 quae
944 2709 1049 2763 initium

23 2794 122 2862 legenti
140 2793 286 2861 significare
306 2796 427 2860 debebat,
448 2798 556 2850 demum
574 2799 602 2852 in
620 2819 696 2853 versu
715 2801 837 2869 sequenti
856 2813 929 2856 extra
947 2813 1049 2857 textum

21 2889 109 2959 posita
122 2888 162 2941 sit.
202 2891 332 2957 Exemplo
345 2889 378 2942 sit
390 2891 457 2943 inter
469 2905 593 2947 sexcenta
605 2894 656 2948 alia
670 2898 766 2949 Matth.
781 2915 805 2961 4,
821 2912 867 2965 25:

310 3054 473 3121 ἐθεράπευσεν
493 3057 587 3115 αὐτούς.
627 3061 668 3112 καὶ
686 3061 734 3130 ήκο

206 3149 346 3216 Λούθησαν
358 3155 392 3200 rol
405 3153 479 3216 ἷησοῦ
492 3151 566 3221 ὄχλοι
577 3157 673 3208 πολλοὶ
685 3155 743 3208 ἀπὸ.
